@article{hinton2012improving,
  title={Improving neural networks by preventing co-adaptation of feature detectors},
  author={Hinton, Geoffrey E and Srivastava, Nitish and Krizhevsky, Alex and Sutskever, Ilya and Salakhutdinov, Ruslan R},
  journal={arXiv preprint arXiv:1207.0580},
  year={2012}
}

@article{srivastava2014dropout,
  title={Dropout: A simple way to prevent neural networks from overfitting},
  author={Srivastava, Nitish and Hinton, Geoffrey and Krizhevsky, Alex and Sutskever, Ilya and Salakhutdinov, Ruslan},
  journal={The Journal of Machine Learning Research},
  volume={15},
  number={1},
  pages={1929--1958},
  year={2014},
  publisher={JMLR. org}
}

@inproceedings{simard2003best,
  title={Best practices for convolutional neural networks applied to visual document analysis},
  author={Simard, Patrice Y and Steinkraus, Dave and Platt, John C},
  booktitle={null},
  pages={958},
  year={2003},
  organization={IEEE}
}

@article{bertsimas2015robust,
  title={Robust Classification},
  author={Bertsimas, Dimitris and Dunn, Jack and Pawlowski, Colin and Zhuo, Daisy},
  year={2015},
  journal={Submitted for publication}
}

@inproceedings{mxnet,
title={MXNet: A Flexible and Efficient Machine Learning Library for Heterogeneous Distributed Systems},
author={ Chen, Tianqi and Li,Mu and Li, Yutian and Lin, Min and Wang, Naiyan and  Wang, Minjie and  Xiao, Tianjun and Xu, Bing and Zhang, Chiyuan and Zhang, Zheng},
  year={2015},
  organization={Neural Information Processing Systems, Workshop on Machine Learning Systems}
}